%! Author = chouheiwa
%! Date = 2022/11/6
@article{rubinstein2008improved,
  title={Improved seam carving for video retargeting},
  author={Rubinstein, Michael and Shamir, Ariel and Avidan, Shai},
  journal={ACM transactions on graphics (TOG)},
  volume={27},
  number={3},
  pages={1--9},
  year={2008},
  publisher={ACM New York, NY, USA}
}